@inproceedings{preucil,
author = {F.~Preucil},
title = {Color hue and ink transfer: {T}heir relation to perfect 
reproduction},
booktitle = {{TAGA} Proceedings},
pages = {102-110},
year = {1953}}

@inproceedings{fergus03,
author = "R. Fergus and P. Perona and A. Zisserman",
year = "2003",
author = "Object Class Recognition by Unsupervised Scale-Invariant Learning",
booktitle = "Proceedings of 2003 IEEE Computer Society Conference on Computer Vision and Pattern Recognition (CVPR'03)"
}

@article{dubois12,
author = "Sloven Dubois and Renaud Peteri and Micel Menard",
year = "2012",
title = "Decomposition of dynamic texture using morphological component analysis",
journal = "IEEE Transactions on Circuits and Systems for Video Technology",
pages = "188-201",
volume = "22(2)"
}
